@article{anthes,
  author={Anthes Gary},
  title={Artificial Intelligence Poised to Ride a New Wave.},
  url={https://cacm.acm.org/magazines/2017/7/218862-artificial-intelligence-poised-to-ride-a-new-wave/pdf},
  journal={Society},
  year={2017}
}

@article{buzsaki,
  author={Buzs√°ki, Draguhn Andreas},
  title={Neuronal Oscillations in Cortical Networks.},
  url={http://www.buzsakilab.com/content/PDFs/Buzsaki2004Science.pdf},
  journal={Science},
  year={2004}
}

@article{eichenbaum,
  author={Eichenbaum H, Yonelinas AP, Ranganath C},
  title={The Medial Temporal Lobe and Recognition Memory.},
  url={https://www.ncbi.nlm.nih.gov/pmc/articles/PMC2064941/pdf/nihms-32344.pdf},
  journal={NCBI},
  year={2007}
}

@article{brereton,
  author={Kitchenham, Brereton.},
  title={A Systematic Review of Systematic Review Process Research in Software Engineering.},
  url={https://www.sciencedirect.com/science/article/abs/pii/S0950584913001560},
  journal={ScienceDirect},
  year={2013}
}


